@article{abbai2019,
  title={Haplotype analysis of key genes governing grain yield and quality traits across 3K RG panel reveals scope for the development of tailor-made rice with enhanced genetic gains},
  volume={17},
  ISSN={1467-7652},
  url={https://onlinelibrary.wiley.com/doi/abs/10.1111/pbi.13087},
  DOI={10.1111/pbi.13087},
  note={_eprint: https://onlinelibrary.wiley.com/doi/pdf/10.1111/pbi.13087},
  number={8},
  journal={Plant Biotechnology Journal},
  author={Abbai, Ragavendran and Singh, Vikas Kumar and Nachimuthu, Vishnu Varthini and Sinha, Pallavi and Selvaraj, Ramchander and Vipparla, Abhilash Kumar and Singh, Arun Kumar and Singh, Uma Maheshwar and Varshney, Rajeev K. and Kumar, Arvind},
  year={2019},
  pages={1612–1622}
}

@article{bergström2020,
  title={Insights into human genetic variation and population history from 929 diverse genomes},
  volume={367},
  ISSN={0036-8075, 1095-9203},
  url={https://science.sciencemag.org/content/367/6484/eaay5012},
  DOI={10.1126/science.aay5012},
  note={Publisher: American Association for the Advancement of Science PMID: 32193295},
  number={6484},
  journal={Science},
  author={Bergström, Anders and McCarthy, Shane A. and Hui, Ruoyun and Almarri, Mohamed A. and Ayub, Qasim and Danecek, Petr and Chen, Yuan and Felkel, Sabine and Hallast, Pille and Kamm, Jack and et al.},
  year={2020},
  month={Mar}
}

@article{bhatt2019,
  title={Germination asynchrony is increased by dual seed bank presence in two desert perennial halophytes},
  volume={97},
  ISSN={1916-2790, 1916-2804},
  url={http://www.nrcresearchpress.com/doi/10.1139/cjb-2019-0071},
  DOI={10.1139/cjb-2019-0071},
  note={Citation Key: bhatt2019Germination},
  number={11},
  journal={Botany},
  author={Bhatt, Arvind and Bhat, N. R. and Lozano-Isla, Flavio and Gallacher, David and Santo, Andrea and Batista-Silva, Willian and Fernandes, Denise and Pompelli, Marcelo Francisco},
  year={2019},
  month={Aug},
  pages={639–649}
}

@inbook{donald1976,
  title={The Biological Yield and Harvest Index of Cereals as Agronomic and Plant Breeding Criteria},
  volume={28},
  url={http://www.sciencedirect.com/science/article/pii/S0065211308605593},
  note={DOI: 10.1016/S0065-2113(08)60559-3},
  booktitle={Advances in Agronomy},
  publisher={Academic Press},
  author={Donald, C. M. and Hamblin, J.},
  editor={Brady, N. C.},
  year={1976},
  month={Jan},
  pages={361–405}
}

@article{schafleitner2007,
  title={Field Screening for Variation of Drought Tolerance in Solanum tuberosum L. by Agronomical, Physiological and Genetic Analysis},
  volume={50},
  ISSN={1871-4528},
  url={https://doi.org/10.1007/s11540-007-9030-9},
  DOI={10.1007/s11540-007-9030-9},
  number={1},
  journal={Potato Research},
  author={Schafleitner, Roland and Gutierrez, Raymundo and Espino, Ricardo and Gaudin, Amelie and Pérez, José and Martínez, Mariano and Domínguez, Alejandro and Tincopa, Luz and Alvarado, Carlos and Numberto, Giannina and et al.},
  year={2007},
  month={Jan},
  pages={71–85}
}